%%%%%%%%%%%%%%%%%%%%%%%%%%%%%%%%%%%%%%%%%%%%%%%%%%%%%%%%%%%%%%%%%%%%%%
%% LaTeX (Beamer) Document for Presentations 
%% File ..............: Bibliography.bib
%% Author ............: Alexandros X. Attikis
%% Institute .........: University of Cyprus (UCY)
%% e-Mail ............: attikis@cern.ch
%% Comments ..........: required fields (optional fields) - see: http://qwone.com/~jason/bibtex/
%% BibTex Entries ....:
%% article .......: author, title, journal, year (volume, number, pages, month, note, key)
%% proceedings ...: title, year (editor, publisher, organization, address, month, note, key)
%% conference ....: author, title, booktitle, year (editor, pages, organization, publisher, address, month, note, key)
%% techreport ....: author, title, institution, year (type, number, address, month, note, key)
%% book ..........: author or editor, title, publisher, year (volume, series, address, edition, month, note, key)
%% booklet .......: title (author, howpublished, address, month, year, note, key)
%% inbook ........: author or editor, title, chapter and/or pages, publisher, year (volume, series, address, edition, month, note, key)
%% incollection ..: author, title, booktitle, year (editor, pages, organization, publisher, address, month, note, key)
%% inproceedings .: author, title, booktitle, year (editor, pages, organization, publisher, address, month, note, key)
%% manual ........: title (author, organization, address, edition, month, year, note, key)
%% phdthesis .....: author, title, school, year (address, month, note, key)
%% mastersthesis .: author, title, school, year (address, month, note, key)
%% unpublished ...: author, title, note (month, year, key)
%% misc ..........: (author, title, howpublished, month, year, note, key)
%%%%%%%%%%%%%%%%%%%%%%%%%%%%%%%%%%%%%%%%%%%%%%%%%%%%%%%%%%%%%%%%%%%%%%%%%%%%%%

%%% Papers
@Article{Geant4_2003,
author    = "{S. Agostinelli {\it et al.}}",
title     = "{GEANT4: A simulation toolkit}",
journal   = "{Nuclear Instruments and Methods in Physics Research}",
volume    = "{A506}",
year      = "{2003}",
pages     = "{250}",
doi       = "{10.1016/S0168-9002(03)01368-8}",
}

@article{Delphes3_2013,
author         = "{J. de Favereau {\it et al.}}",
title          = "{DELPHES 3, A modular framework for fast simulation of a generic collider experiment}",
year           = "{2013}",
eprint         = "{1307.6346}",
archivePrefix  = "{arXiv}",
primaryClass   = "{hep-ex}",
}

@article{Heinemeyr_Higgs_Discovery_MSSM_Interpretation_2000,
author  = "{S. Heinemeyer {\it et al.}}",
title   = "{Interpreting the LHC Higgs search results in the MSSM}",
journal = "{Physics Letters B}",
year    = "{2012}",
volume  = "{710}",
number  = "{1}",
pages   = "{201--206}",
doi     = "{http://dx.doi.org/10.1016/j.physletb.2012.02.084}",
}

@article{CMS_Tridas_TDR_2000,
author  = "{{S. Chatrchyan} {\it et al.} [CMS Collaboration]}",
title   = "{{CMS} TriDAS project: Technical Design Report, Volume 1: The Trigger Systems}",
journal = "{LHCC}",
year    = "{2000}",
reportNumber = "{CERN-LHCC-2000-038 ; CMS-TDR-6-1}",
}


@article{Pythia,
author    = "{T. Sjostrand {\it et al.}}",
title     = "{PYTHIA 6.4 physics and manual}",
journal   = "{Journal of High Energy Physics}",
volume    = "{2006}",
year      = "{2006}",
startpage = "{026-}",
url       = "{http://stacks.iop.org/1126-6708/2006/i=05/a=026}",
}

@article{Tauola,
author  = "{S. Jadach {\it et al.}}",
title   = "{The tau decay library TAUOLA: Version 2.4}",
journal = "{Computer Physics Communications}",
year    = "{1993}"
volume  = "{76},
pages   = "{361-380}",
doi     = "{10.1016/0010-4655(93)90061-G}",
}

@article{PAPER-HIG-11-019,
author  = "{{S. Chatrchyan} {\it et al.} [CMS Collaboration]}",
title   = "{Search for a light charged Higgs boson in top quark decays in pp collisions at  $\sqrt{s}$ = 7 TeV}",
journal = "{Journal of High Energy Physics}",
year    = "{2012}",
volume  = "{2012}",
number  = "{7}",
pages   = "{1-38}",
doi     = "{10.1007/JHEP07(2012)143}",
reportNumber = "{CMS-HIG-11-019, CERN-PH-EP-2012-123}",
}

@article{ATLAS-HPlus-2012,
author         = "{{G. Aad} {\it et al.} [ATLAS Collaboration]}",
title          = "{Search for charged Higgs bosons decaying via $H^{+} \to \tau \nu$ in top quark pair events using $pp$ collision data at $\sqrt{s}=7$ TeV with the ATLAS detector}",
journal        = "{Journal of High Energy Physics}",
year           = "{2012}",
volume         = "{1206}",
number         = "{6}",
pages          = "{039}",
doi            = "{10.1007/JHEP06(2012)039}",
reportNumber   = "{CERN-PH-EP-2012-083}",
}

@ARTICLE{PDG_2008,
author         = "{C. Amsler {\it et al.} [Particle Data Group]}",
journal        = "{Physics Letters B}",
year           = "{2008}",
title          = "{Review of Particle Physics}",
volume         = "{667}",
number         = "{1}",
}

@article{First_Higgs_Observation_CMS_2012,
author       = "{{S. Chatrchyan} {\it et al.} [CMS Collaboration]}",
title        = "{Observation of a new boson with mass near 125 GeV in pp collisions at $\sqrt{s}$ = 7 and 8 TeV}",
number       = "{arXiv:1303.4571. CMS-HIG-12-036. CERN-PH-EP-2013-035}",
month        = "{Mar}",
year         = "{2013}",
note         = "{Submitted to JHEP}",
}

@article{First_Higgs_Observation_ATLAS_2012,
author       = "{{G. Aad} {\it et al.} [ATLAS Collaboration]}",
title        = "{Observation of a new particle in the search for the Standard Model Higgs boson with the ATLAS detector at the LHC}",
journal      = "{Physics Letters B}",
number       = "{arXiv:1207.7214. CERN-PH-EP-2012-218}",
volume       = "{716}",
pages        = "{1-29. 39 p}",
month        = "{Aug}",
year         = "{2012}",
}

@article{Djouadi:2005gj,
author    = "{A. Djouadi}",
title     = "{The anatomy of electro-weak symmetry breaking. II. The Higgs bosons in the minimal supersymmetric model}",
journal   = "{Physics Reports}",
volume    = "{459}",
year      = "{2008}",
pages     = "{1}",
doi       = "{10.1016/j.physrep.2007.10.005}",
}

@article{Martin_SUSY_Primer_1997,
author    = "{Stephen P. Martin}",
title     = "{A Supersymmetry Primer}",
year      = "{2011}",
eprint    = "{hep-ph/9709356}",
archivePrefix = "{arXiv}",
}

@article{Chatrchyan:2008zzk,
author    = "{S. Chatrchyan {\it et al.} [CMS Collaboration]}",
title     = "{The CMS experiment at the CERN LHC}",
journal   = "{JINST}",
volume    = "{03}",
year      = "{2008}",
pages     = "{S08004}",
doi       = "{10.1088/1748-0221/3/08/S08004}",
}

@article{Pallis:2011gr,
author    = "{C. Pallis and N. Toumbas}",
title     = "{Non-Minimal Higgs Inflation and non-Thermal Leptogenesis in A Supersymmetric Pati-Salam Model}",
journal   = "{JCAP}",
volume    = "{1112}",
pages     = "{002}",
year      = "{2011}",
doi       = "{10.1088/1475-7516/2011/12/002}",
}

@article{Pallis:2011ps,
author   = "{C. Pallis and N. Toumbas}",
title    = "{Non-Minimal Sneutrino Inflation, Peccei-Quinn Phase Transition and non-Thermal Leptogenesis}",
journal  = "{JCAP}",
volume   = "{1102}",
pages    = "{019}",
year     = "{2011}",
doi      = "{10.1088/1475-7516/2011/02/019}",
}


@conference{Ptochos_SiPM_IEEE_2011,
author         = "{A. Para, I. Vasilas and P. Rubinov}",
title          = "{Pulse shape and other electrical characteristics of silicon photomultipliers}",
booktitle      = "{IEEE Nuclear and Science Symposium and Medical Imaging Conference, Valencia, Spain}",
year           = "{2011}",
note           = "{poster}",
}

@conference{Ptochos_SiPMReadoutPoster_IEEE_2011,
author         = "{F. Ptochos, I. Vasilas, A. Para, P. Rubinov, H. Wenzel, B. Bilki}",
title          = "{Experimental Studies of Scintillation and Cherenkov Light Yield of Scintillating Crystals with SiPM Readout}",
booktitle      = "{IEEE Nuclear and Science Symposium and Medical Imaging Conference, Valencia, Spain}",
year           = "{2011}"
note           = "{poster}",
}

@conference{Ptochos_PMEfficiency_IEEE_2011,
author         = "{A. Para, I. Vasilas and P. Rubinov}",
title          = "{Detector efficiency and afterpulsing in silicon photomultipliers}",
booktitle      = "{IEEE Nuclear and Science Symposium and Medical Imaging Conference, Valencia, Spain}",
year           = "{2011}"
note           = "{talk}",
}

@conference{Ptochos_SiPMReadoutTalk_IEEE_2011,
author         = "{B. Bilki, A. Para, F. Ptochos, P. Rubinov, I. Vasilas and H. Wenzel}",
title          = "{Experimental Studies of Scintillation and Cherenkov Light Yield of Scintillating Crystals with SiPM Readout}",
booktitle      = "{IEEE Nuclear and Science Symposium and Medical Imaging Conference, Valencia, Spain}",
year           = "{2011}"
note           = "{talk}",
}

@conference{Ptochos_SiPMReadout_IEEE_2011,
author         = "{F. Ptochos, I. Vasilas, A. Para, P. Rubinov, H. Wenzel, B. Bilki}",
title          = "{Experimental Studies of Scintillation and Cherenkov Light Yield of Scintillating Crystals with SiPM Readout}",
booktitle      = "{IEEE Nuclear and Science Symposium and Medical Imaging Conference, Valencia, Spain}",
year           = "{2011}"
note           = "{poster and talk}",
}

@article{Ptochos_DualReadoutCaloGlasses_Fermilab_2011,
author         = "{D. Cauz {\it et al.}}",
title          = "{T-1015 Dual Readout Calorimetry with Glasses}",
journal        = "{FERMILAB}",
year           = "{2011}",
reportNumber   = "{FERMILAB-PROPOSAL-1015}",
}

@article{Ptochos_DualReadoutCalTotalAbs_Fermilab_2010,
author         = "{M. Crisler {\it et al.}}",
title          = "{Total Absorption Dual Readout Calorimetry}",
journal        = "{FERMILAB}",
year           = "{2010}",
reportNumber   = "{FERMILAB-PROPOSAL-1004}",
}

@article{Ptochos_MultiMuon_Paper_CDF,
author    = "{T. Aaltonen {\it et al.} [CDF Collaboration]}",
title     = "{Study of multi-muon events produced in $p\bar{p}$ interactions at $\sqrt{s}=1.96\text{\,}\text{\,}\mathrm{TeV}$}",
journal   = "{European Physical Journal}",
volume    = "{C68}",
year      = "{2010}",
pages     = "{109--118}",
doi       = "{10.1140/epjc/s10052-010-1336-0}",
}

@article{Ptochos_MultiMuon_ImprovedBkg_CDF,
author    = "{T. Aaltonen {\it et al.} [CDF Collaboration]}",
title     = "{Improved determination of the sample composition of dimuon events produced in $p\bar{p}$ collisions at $\sqrt{s}=1.96\text{\,}\text{\,}\mathrm{TeV}$}",
journal   = "{European Physical Journal}",
volume    = "{C71}",
year      = "{2011}",
pages     = "{1720}",
doi       = "{10.1140/epjc/s10052-011-1720-4}",
}

@article{Ptochos_MultiMuon_PaperNew_CDF,
author    = "{T. Aaltonen {\it et al.} [CDF Collaboration]}",
title     = "{An additional study of multi-muon events produced in collisions at $\sqrt{s}=1.96\text{\,}\text{\,}\mathrm{TeV}$}",
journal   = "{Physics Letters B}",
volume    = "{710}",
number    = "{2}",
pages     = "{278--283}",
year      = "{2012}",
doi       = "{10.1016/j.physletb.2012.02.081}",
}

@article{Ptochos_MultiMuon_TheoreticalInterpretion_CDF,
author         = "{P. Giromini {\it et al.}}",
title          = "{Phenomenological interpretation of the multi-muon events reported by the CDF collaboration}",
journal        = "{Physical Review D}",
year           = "{2008}",
reportNumber   = "{FERMILAB-PUB-08-231-E}",
}

%%% CMS Physics Analysis Summary (PAS)
@article{CMS-PAS-HIG-12-037,
author  = "{S. Chatrchyan {\it et al.} [CMS Collaboration]}",
title   = "{Search for light charged Higgs bosons with the \texorpdfstring{$\mathrm{H}^{\pm} \rightarrow \tau^{\pm}\nu_{\tau}$}{H+ to tau nu} decay in the fully hadronic final state with 5.0 fb$^{-1}$ of $\sqrt{s}$ = 7 TeV data}",
journal = "{CMS PAS}",
volume  = "{HIG-12-037}",
year    = "{2012}",
note    = "{\it -- in preparation}",
}

@article{CMS-PAS-HIG-11-008,
author  = "{S. Chatrchyan {\it et al.} [CMS Collaboration]}",
title   = "{Search for the charged Higgs boson with \texorpdfstring{$\mathrm{H}^{+} \rightarrow \mathrm{\tau}^{+} \nu$}{H+ to tau nu} decay mode in top quark decays}", 
journal = "{CMS PAS}",
volume  = "{HIG-11-008}",
year    = "{2011}",
}

%%% CMS Analysis Notes (AN)
@article{CMS-AN-2011-470,
author  = "{A. Attikis {\it et al.} [CMS Collaboration]}",
title   = "{Search for light charged Higgs bosons with the \texorpdfstring{$\mathrm{H}^{\pm} \rightarrow \tau^{\pm}\nu_{\tau}$}{H+ to tau nu} decay in the fully hadronic final state}",
journal = "{CMS AN}",
volume  = "{2011/470}",
year    = "{2012}",
}

@article{CMS-AN-2011-126,
author    = "{A. Attikis {\it et al.} [CMS Collaboration]}",
title     = "{Search for the light charged MSSM Higgs bosons with the \texorpdfstring{$\mathrm{H}^{\pm} \rightarrow \tau^{\pm}\nu_{\tau}$}{H+ to tau nu} decay in fully hadronic final state}",
journal   = "{CMS AN}",
volume    = "{2011/126}",
year      = "{2011}",
}

@article{CMS-AN-2011-065,
author  = "{The Higgs PAG [CMS Collaboration]}",
title   = "{Trigger strategies for Higgs searches}",
journal = "{CMS AN}",
volume  = "{2011/065}",
year    = "{2011}",
}

%%% PhD 
@phdthesis{Alexandros_Attikis_PhD_UCY,
author = "{A. Attikis}",
title  = "{Search for light charged Higgs bosons with the \texorpdfstring{$\mathrm{H}^{\pm} \rightarrow \tau^{\pm}\nu_{\tau}$}{H+ to tau nu} decay in the fully hadronic final state}",
school = "{University of Cyprus}",
year   = "{2012}",
url    = "{http://lekythos.library.ucy.ac.cy/handle/10797/5775}",
}

@phdthesis{Alexandros_Attikis_PhD_CERN,
author = "{A. Attikis}",
title  = "{Search for light charged Higgs bosons with the \texorpdfstring{$\mathrm{H}^{\pm} \rightarrow \tau^{\pm}\nu_{\tau}$}{H+ to tau nu} decay in the fully hadronic final state}",
school = "{University of Cyprus}",
year   = "{2012}",
note   = "{CERN-THESIS-2012-174}",
}

%%% M.Sc. Thesis
@mastersthesis{Alexandros_Attikis_MSc,
author = "{A. Attikis}",
title  = "{Measuring the energy of a particle beam at the International Linear Collider}",
school = "{University College London}",
year   = "{2007}",
}

%%% Proceedings
@article{Attikis_cHarged2012,
author  = "{A. Attikis [for CMS Collaboration]}",
title   = "{Search for \texorpdfstring{$\mathrm{H}^{\pm} \rightarrow \tau^{\pm}\nu_{\tau}$}{H+ to tau nu} with fully hadronic final state in CMS}",
journal = "{PoS}",
volume  = "{CHARGED 2012}",
pages   = "{007}",
year    = "{2012}",
}

@article{Attikis_cHarged2010,
author  = "{A. Attikis [for CMS Collaboration]}",
title   = "{QCD backgrounds in charged Higgs boson searches}",
journal = "{PoS}",
volume  = "{CHARGED 2010}",
pages   = "{012}",
year    = "{2010}",
}
